@article{alexa2010reliefs,
  title={Reliefs as images.},
  author={Alexa, Marc and Matusik, Wojciech},
  journal={ACM Trans. Graph.},
  volume={29},
  number={4},
  pages={60--1},
  year={2010}
}

@inproceedings{alldrin2007resolving,
	title={Resolving the generalized bas-relief ambiguity by entropy minimization},
	author={Alldrin, Neil G and Mallick, Satya P and Kriegman, David J},
	booktitle={Computer Vision and Pattern Recognition, 2007. CVPR'07. IEEE Conference on},
	pages={1--7},
	year={2007},
	organization={IEEE}
}

@book{budick1996translatability,
	title={The translatability of cultures: figurations of the space between},
	author={Budick, Sanford},
	volume={8},
	year={1996},
	publisher={Stanford University Press}
}

@article{barron2012color,
	title={Color constancy, intrinsic images, and shape estimation},
	author={Barron, Jonathan and Malik, Jitendra},
	journal={Computer Vision--ECCV 2012},
	pages={57--70},
	year={2012},
	publisher={Springer}
}

@article{belhumeur1999bas,
	title={The bas-relief ambiguity},
	author={Belhumeur, Peter N and Kriegman, David J and Yuille, Alan L},
	journal={International journal of computer vision},
	volume={35},
	number={1},
	pages={33--44},
	year={1999},
	publisher={Springer}
}

@inproceedings{blinn1978simulation,
	title={Simulation of wrinkled surfaces},
	author={Blinn, James F},
	booktitle={ACM SIGGRAPH computer graphics},
	volume={12},
	number={3},
	pages={286--292},
	year={1978},
	organization={ACM}
}

@inproceedings{chen2011robust,
	title={Robust text detection in natural images with edge-enhanced maximally stable extremal regions},
	author={Chen, Huizhong and Tsai, Sam S and Schroth, Georg and Chen, David M and Grzeszczuk, Radek and Girod, Bernd},
	booktitle={Image Processing (ICIP), 2011 18th IEEE International Conference on},
	pages={2609--2612},
	year={2011},
	organization={IEEE}
}

@inproceedings{chen2007divide,
	title={A divide-and-conquer approach to 3D object reconstruction from line drawings},
	author={Chen, Yu and Liu, Jianzhuang and Tang, Xiaoou},
	booktitle={Computer Vision, 2007. ICCV 2007. IEEE 11th International Conference on},
	pages={1--8},
	year={2007},
	organization={IEEE}
}

@article{chen2010inferring,
	title={Inferring 3D shapes and deformations from single views},
	author={Chen, Yu and Kim, Tae-Kyun and Cipolla, Roberto},
	journal={Computer Vision--ECCV 2010},
	pages={300--313},
	year={2010},
	publisher={Springer}
}

@inproceedings{cignoni1998general,
	title={A general method for preserving attribute values on simplified meshes},
	author={Cignoni, Paolo and Montani, Claudio and Rocchini, Claudio and Scopigno, Roberto},
	booktitle={Visualization'98. Proceedings},
	pages={59--66},
	year={1998},
	organization={IEEE}
}

@article{cole2012shapecollage,
	title={Shapecollage: Occlusion-aware, example-based shape interpretation},
	author={Cole, Forrester and Isola, Phillip and Freeman, William and Durand, Fr{\'e}do and Adelson, Edward},
	journal={Computer Vision--ECCV 2012},
	pages={665--678},
	year={2012},
	publisher={Springer}
}

@article{cornea2007curve,
	title={Curve-skeleton properties, applications, and algorithms},
	author={Cornea, Nicu D and Silver, Deborah and Min, Patrick},
	journal={IEEE Transactions on visualization and computer graphics},
	volume={13},
	number={3},
	pages={0530--548},
	year={2007},
	publisher={IEEE Computer Society}
}

@inproceedings{donoser2006efficient,
	title={Efficient maximally stable extremal region (MSER) tracking},
	author={Donoser, Michael and Bischof, Horst},
	booktitle={Computer Vision and Pattern Recognition, 2006 IEEE Computer Society Conference on},
	volume={1},
	pages={553--560},
	year={2006},
	organization={IEEE}
}

@article{gomez2016fast,
	title={A fast hierarchical method for multi-script and arbitrary oriented scene text extraction},
	author={Gomez, Lluis and Karatzas, Dimosthenis},
	journal={International Journal on Document Analysis and Recognition (IJDAR)},
	volume={19},
	number={4},
	pages={335--349},
	year={2016},
	publisher={Springer}
}

@inproceedings{han2013high,
	title={High quality shape from a single rgb-d image under uncalibrated natural illumination},
	author={Han, Yudeog and Lee, Joon-Young and So Kweon, In},
	booktitle={Proceedings of the IEEE International Conference on Computer Vision},
	pages={1617--1624},
	year={2013}
}

@article{herold2014machine,
	title={A machine learning approach to automatic stroke segmentation},
	author={Herold, James and Stahovich, Thomas F},
	journal={Computers \& Graphics},
	volume={38},
	pages={357--364},
	year={2014},
	publisher={Elsevier}
}

@inproceedings{johnson2011shape,
	title={Shape estimation in natural illumination},
	author={Johnson, Micah K and Adelson, Edward H},
	booktitle={Computer Vision and Pattern Recognition (CVPR), 2011 IEEE Conference on},
	pages={2553--2560},
	year={2011},
	organization={IEEE}
}

@inproceedings{kang2007coherent,
	title={Coherent line drawing},
	author={Kang, Henry and Lee, Seungyong and Chui, Charles K},
	booktitle={Proceedings of the 5th international symposium on Non-photorealistic animation and rendering},
	pages={43--50},
	year={2007},
	organization={ACM}
}

@inproceedings{kerber2009feature,
	title={Feature sensitive bas relief generation},
	author={Kerber, Jens and Tevs, Art and Belyaev, Alexander and Zayer, Rhaleb and Seidel, Hans-Peter},
	booktitle={Shape Modeling and Applications, 2009. SMI 2009. IEEE International Conference on},
	pages={148--154},
	year={2009},
	organization={IEEE}
}

@inproceedings{kolomenkin2011reconstruction,
	title={Reconstruction of relief objects from line drawings},
	author={Kolomenkin, Michael and Leifman, George and Shimshoni, Ilan and Tal, Ayellet},
	booktitle={Computer Vision and Pattern Recognition (CVPR), 2011 IEEE Conference on},
	pages={993--1000},
	year={2011},
	organization={IEEE}
}

@article{lions1993shape,
	title={Shape-from-shading, viscosity solutions and edges},
	author={Lions, Pierre-Louis and Rouy, Elisabeth and Tourin, A},
	journal={Numerische Mathematik},
	volume={64},
	number={1},
	pages={323--353},
	year={1993},
	publisher={Springer}
}

@article{matas2004robust,
	title={Robust wide-baseline stereo from maximally stable extremal regions},
	author={Matas, Jiri and Chum, Ondrej and Urban, Martin and Pajdla, Tom{\'a}s},
	journal={Image and vision computing},
	volume={22},
	number={10},
	pages={761--767},
	year={2004},
	publisher={Elsevier}
}

@article{mccann2009local,
	title={Local layering},
	author={McCann, James and Pollard, Nancy},
	journal={ACM Transactions on Graphics (TOG)},
	volume={28},
	number={3},
	pages={84},
	year={2009},
	publisher={ACM}
}

@inproceedings{mccann2012soft,
	title={Soft stacking},
	author={McCann, James and Pollard, Nancy S},
	booktitle={Computer Graphics Forum},
	volume={31},
	number={2pt2},
	pages={469--478},
	year={2012},
	organization={Wiley Online Library}
}

@article{nister2008linear,
	title={Linear time maximally stable extremal regions},
	author={Nist{\'e}r, David and Stew{\'e}nius, Henrik},
	journal={Computer Vision--ECCV 2008},
	pages={183--196},
	year={2008},
	publisher={Springer}
}

@inproceedings{porter1984compositing,
	title={Compositing digital images},
	author={Porter, Thomas and Duff, Tom},
	booktitle={ACM Siggraph Computer Graphics},
	volume={18},
	number={3},
	pages={253--259},
	year={1984},
	organization={ACM}
}

@inproceedings{prados2003perspective,
	title={" Perspective Shape from Shading" and Viscosity Solutions.},
	author={Prados, Emmanuel and Faugeras, Olivier D},
	booktitle={ICCV},
	volume={3},
	pages={826},
	year={2003}
}

@article{prados2004unifying,
	title={Unifying approaches and removing unrealistic assumptions in shape from shading: Mathematics can help},
	author={Prados, Emmanuel and Faugeras, Olivier},
	journal={Computer Vision-ECCV 2004},
	pages={141--154},
	year={2004},
	publisher={Springer}
}

@book{paragios2006handbook,
	title={Handbook of mathematical models in computer vision},
	author={Paragios, Nikos and Chen, Yunmei and Faugeras, Olivier D},
	year={2006},
	publisher={Springer Science \& Business Media}
}

@inproceedings{richardt2014vectorising,
	title={Vectorising Bitmaps into Semi-Transparent Gradient Layers},
	author={Richardt, Christian and Lopez-Moreno, Jorge and Bousseau, Adrien and Agrawala, Maneesh and Drettakis, George},
	booktitle={Computer Graphics Forum},
	volume={33},
	number={4},
	pages={11--19},
	year={2014},
	organization={Wiley Online Library}
}

@article{sykora2014ink,
	title={Ink-and-ray: Bas-relief meshes for adding global illumination effects to hand-drawn characters},
	author={S{\`y}kora, Daniel and Kavan, Ladislav and {\v{C}}ad{\'\i}k, Martin and Jamri{\v{s}}ka, Ond{\v{r}}ej and Jacobson, Alec and Whited, Brian and Simmons, Maryann and Sorkine-Hornung, Olga},
	journal={ACM Transactions on Graphics (TOG)},
	volume={33},
	number={2},
	pages={16},
	year={2014},
	publisher={ACM}
}

@article{tan2016decomposing,
	title={Decomposing Images into Layers via RGB-Space Geometry},
	author={Tan, Jianchao and Lien, Jyh-Ming and Gingold, Yotam},
	journal={ACM Transactions on Graphics (TOG)},
	volume={36},
	number={1},
	pages={7},
	year={2016},
	publisher={ACM}
}

@inproceedings{wang20093d,
	title={3D reconstruction of curved objects from single 2D line drawings},
	author={Wang, Yingze and Chen, Yu and Liu, Jianzhuang and Tang, Xiaoou},
	booktitle={Computer Vision and Pattern Recognition, 2009. CVPR 2009. IEEE Conference on},
	pages={1834--1841},
	year={2009},
	organization={IEEE}
}

@article{weng20062d,
	title={2D shape deformation using nonlinear least squares optimization},
	author={Weng, Yanlin and Xu, Weiwei and Wu, Yanchen and Zhou, Kun and Guo, Baining},
	journal={The visual computer},
	volume={22},
	number={9-11},
	pages={653--660},
	year={2006},
	publisher={Springer}
}

@inproceedings{weyrich2007digital,
	title={Digital bas-relief from 3D scenes},
	author={Weyrich, Tim and Deng, Jia and Barnes, Connelly and Rusinkiewicz, Szymon and Finkelstein, Adam},
	booktitle={ACM Transactions on Graphics (TOG)},
	volume={26},
	number={3},
	pages={32},
	year={2007},
	organization={ACM}
}

@article{wu2013making,
	title={Making bas-reliefs from photographs of human faces},
	author={Wu, Jing and Martin, Ralph R and Rosin, Paul L and Sun, X-F and Langbein, Frank C and Lai, Y-K and Marshall, A David and Liu, Y-H},
	journal={Computer-Aided Design},
	volume={45},
	number={3},
	pages={671--682},
	year={2013},
	publisher={Elsevier}
}

@article{xu2006animating,
	title={Animating Chinese paintings through stroke-based decomposition},
	author={Xu, Songhua and Xu, Yingqing and Kang, Sing Bing and Salesin, David H and Pan, Yunhe and Shum, Heung-Yeung},
	journal={ACM Transactions on Graphics (TOG)},
	volume={25},
	number={2},
	pages={239--267},
	year={2006},
	publisher={ACM}
}

@article{zeng2014region,
	title={Region-based bas-relief generation from a single image},
	author={Zeng, Qiong and Martin, Ralph R and Wang, Lu and Quinn, Jonathan A and Sun, Yuhong and Tu, Changhe},
	journal={Graphical Models},
	volume={76},
	number={3},
	pages={140--151},
	year={2014},
	publisher={Elsevier}
}

@article{zhang1999shape,
	title={Shape-from-shading: a survey},
	author={Zhang, Ruo and Tsai, Ping-Sing and Cryer, James Edwin and Shah, Mubarak},
	journal={IEEE transactions on pattern analysis and machine intelligence},
	volume={21},
	number={8},
	pages={690--706},
	year={1999},
	publisher={IEEE}
}

@inproceedings{bichsel1992simple,
  title={A simple algorithm for shape from shading},
  author={Bichsel, Martin and Pentland, Alex P},
  booktitle={Computer Vision and Pattern Recognition, 1992. Proceedings CVPR'92., 1992 IEEE Computer Society Conference on},
  pages={459--465},
  year={1992},
  organization={IEEE}
}

@article{brooks1985shape,
  title={Shape and source from shading},
  author={Brooks, Michael J and Horn, Berthold KP},
  year={1985}
}

@inproceedings{dupuis1992direct,
  title={Direct method for reconstructing shape from shading},
  author={Dupuis, Paul and Oliensis, John},
  booktitle={Computer Vision and Pattern Recognition, 1992. Proceedings CVPR'92., 1992 IEEE Computer Society Conference on},
  pages={453--458},
  year={1992},
  organization={IEEE}
}

@article{frankot1988method,
  title={A method for enforcing integrability in shape from shading algorithms},
  author={Frankot, Robert T. and Chellappa, Rama},
  journal={IEEE Transactions on pattern analysis and machine intelligence},
  volume={10},
  number={4},
  pages={439--451},
  year={1988},
  publisher={IEEE}
}

@article{horn1970shape,
  title={Shape from shading: A method for obtaining the shape of a smooth opaque object from one view},
  author={Horn, Berthold KP},
  year={1970}
}

@article{horn1990height,
  title={Height and gradient from shading},
  author={Horn, Berthold KP},
  journal={International journal of computer vision},
  volume={5},
  number={1},
  pages={37--75},
  year={1990},
  publisher={Springer}
}

@article{ikeuchi1981numerical,
  title={Numerical shape from shading and occluding boundaries},
  author={Ikeuchi, Katsushi and Horn, Berthold KP},
  journal={Artificial intelligence},
  volume={17},
  number={1-3},
  pages={141--184},
  year={1981},
  publisher={Elsevier}
}

@book{kimmel1992shape,
  title={Shape from shading via level sets},
  author={Kimmel, Ron and Bruckstein, Alfred M},
  year={1992},
  publisher={Technion-Israel Institute of Technology. Center for Intelligent Systems; R 9209}
}

@article{lee1993shape,
  title={Shape from shading with a linear triangular element surface model},
  author={Lee, Kyoung Mu and Kuo, C-CJ},
  journal={IEEE Transactions on Pattern Analysis and Machine Intelligence},
  volume={15},
  number={8},
  pages={815--822},
  year={1993},
  publisher={IEEE}
}

@article{oliensis1991shape,
  title={Shape from shading as a partially well-constrained problem},
  author={Oliensis, John},
  journal={CVGIP: Image Understanding},
  volume={54},
  number={2},
  pages={163--183},
  year={1991},
  publisher={Elsevier}
}

@inproceedings{oliensis1993global,
  title={A global algorithm for shape from shading},
  author={Oliensis, John and Dupuis, Paul},
  booktitle={Computer Vision, 1993. Proceedings., Fourth International Conference on},
  pages={692--701},
  year={1993},
  organization={IEEE}
}

@article{rouy1992viscosity,
  title={A viscosity solutions approach to shape-from-shading},
  author={Rouy, Elisabeth and Tourin, Agn{\`e}s},
  journal={SIAM Journal on Numerical Analysis},
  volume={29},
  number={3},
  pages={867--884},
  year={1992},
  publisher={SIAM}
}

@article{szeliski1991fast,
  title={Fast shape from shading},
  author={Szeliski, Richard},
  journal={CVGIP: Image Understanding},
  volume={53},
  number={2},
  pages={129--153},
  year={1991},
  publisher={Elsevier}
}

@article{vega1993shading,
  title={Shading logic: A heuristic approach to recover shape from shading},
  author={Vega, Omar E and Yang, Yee-Hong},
  journal={IEEE Transactions on Pattern Analysis and Machine Intelligence},
  volume={15},
  number={6},
  pages={592--597},
  year={1993},
  publisher={IEEE}
}

@inproceedings{zheng1991estimation,
  title={Estimation of illuminant direction, albedo, and shape from shading},
  author={Zheng, Qinfen and Chellappa, Rama},
  booktitle={Computer Vision and Pattern Recognition, 1991. Proceedings CVPR'91., IEEE Computer Society Conference on},
  pages={540--545},
  year={1991},
  organization={IEEE}
}

@article{malik1989recovering,
  title={Recovering three-dimensional shape from a single image of curved objects},
  author={Malik, Jitendra and Maydan, Dror},
  journal={IEEE Transactions on Pattern Analysis and Machine Intelligence},
  volume={11},
  number={6},
  pages={555--566},
  year={1989},
  publisher={IEEE}
}

@article{lee1985improved,
  title={Improved methods of estimating shape from shading using the light source coordinate system},
  author={Lee, Chia-Hoang and Rosenfeld, Azriel},
  journal={artificial Intelligence},
  volume={26},
  number={2},
  pages={125--143},
  year={1985},
  publisher={Elsevier}
}

@article{pentland1984local,
  title={Local shading analysis},
  author={Pentland, Alex P},
  journal={IEEE Transactions on Pattern Analysis and Machine Intelligence},
  number={2},
  pages={170--187},
  year={1984},
  publisher={IEEE}
}

@article{pentland1989shape,
  title={Shape information from shading: a theory about human perception},
  author={Pentland, Alex},
  journal={Spatial vision},
  volume={4},
  number={2},
  pages={165--182},
  year={1989},
  publisher={Brill}
}

@article{ping1994shape,
  title={Shape from shading using linear approximation},
  author={Ping-Sing, Tsai and Shah, Mubarak},
  journal={Image and Vision computing},
  volume={12},
  number={8},
  pages={487--498},
  year={1994},
  publisher={Elsevier}
}

@inproceedings{nayar1990shape,
  title={Shape from interreflections},
  author={Nayar, Shree K and Ikeuchi, Katsushi and Kanade, Takeo},
  booktitle={Computer Vision, 1990. Proceedings, Third International Conference on},
  pages={2--11},
  year={1990},
  organization={IEEE}
}


@techreport{nayar1989surface,
  title={Surface reflection: physical and geometrical perspectives},
  author={Nayar, Shree K and Ikeuchi, Katsushi and Kanade, Takeo},
  year={1989},
  institution={CARNEGIE-MELLON UNIV PITTSBURGH PA ROBOTICS INST}
}

@article{blake1985surface,
  title={Surface descriptions from stereo and shading},
  author={Blake, Andrew and Zisserman, Andrew and Knowles, Greg},
  journal={Image and Vision Computing},
  volume={3},
  number={4},
  pages={183--191},
  year={1985},
  publisher={Elsevier}
}

@article{bruss1982eikonal,
  title={The eikonal equation: Some results applicable to computer vision},
  author={Bruss, Anna R},
  journal={Journal of Mathematical Physics},
  volume={23},
  number={5},
  pages={890--896},
  year={1982},
  publisher={AIP}
}

@inproceedings{forsyth1989mutual,
  title={Mutual illumination},
  author={Forsyth, David and Zisserman, Andrew},
  booktitle={Computer Vision and Pattern Recognition, 1989. Proceedings CVPR'89., IEEE Computer Society Conference on},
  pages={466--473},
  year={1989},
  organization={IEEE}
}

@article{rouy1992viscosity,
  title={A viscosity solutions approach to shape-from-shading},
  author={Rouy, Elisabeth and Tourin, Agn{\`e}s},
  journal={SIAM Journal on Numerical Analysis},
  volume={29},
  number={3},
  pages={867--884},
  year={1992},
  publisher={SIAM}
}

@article{kim2017canvox,
  title={CanvoX: High-resolution VR Painting in Large Volumetric Canvas},
  author={Kim, Yeojin and Kim, Byungmoon and Kim, Jiyang and Kim, Young J},
  journal={arXiv preprint arXiv:1704.02724},
  year={2017}
}

@article{katanics2003deep,
  title={Deep canvas: integrating 3d painting and painterly rendering},
  author={Katanics, George and Lappas, Tasso},
  journal={Theory and Practice of Non-Photorealistic Graphics: Algorithms, Methods, and Production Systems},
  volume={10},
  year={2003}
}

@article{kalnins2002wysiwyg,
  title={WYSIWYG NPR: Drawing strokes directly on 3D models},
  author={Kalnins, Robert D and Markosian, Lee and Meier, Barbara J and Kowalski, Michael A and Lee, Joseph C and Davidson, Philip L and Webb, Matthew and Hughes, John F and Finkelstein, Adam},
  journal={ACM Transactions on Graphics (TOG)},
  volume={21},
  number={3},
  pages={755--762},
  year={2002},
  publisher={ACM}
}

@inproceedings{couprie2005algorithms,
  title={Algorithms for the topological watershed},
  author={Couprie, Michel and Najman, Laurent and Bertrand, Gilles},
  booktitle={Discrete geometry for computer imagery},
  pages={172--182},
  year={2005},
  organization={Springer}
}

@article{hanrahan1990direct,
  title={Direct WYSIWYG painting and texturing on 3D shapes: An error occurred during the printing of this article that reversed the print order of pages 118 and 119. While we have corrected the sort order of the 2 pages in the DL, the PDF did not allow us to repaginate the 2 pages.},
  author={Hanrahan, Pat and Haeberli, Paul},
  journal={ACM SIGGRAPH computer graphics},
  volume={24},
  number={4},
  pages={215--223},
  year={1990},
  publisher={ACM}
}


@inproceedings{meier1996painterly,
  title={Painterly rendering for animation},
  author={Meier, Barbara J},
  booktitle={Proceedings of the 23rd annual conference on Computer graphics and interactive techniques},
  pages={477--484},
  year={1996},
  organization={ACM}
}

@article{lefebvre2005octree,
  title={Octree textures on the GPU},
  author={Lefebvre, Sylvain and Hornus, Samuel and Neyret, Fabrice and others},
  journal={GPU gems},
  volume={2},
  pages={595--613},
  year={2005}
}

@inproceedings{keefe2001cavepainting,
  title={CavePainting: a fully immersive 3D artistic medium and interactive experience},
  author={Keefe, Daniel F and Feliz, Daniel Acevedo and Moscovich, Tomer and Laidlaw, David H and LaViola Jr, Joseph J},
  booktitle={Proceedings of the 2001 symposium on Interactive 3D graphics},
  pages={85--93},
  year={2001},
  organization={ACM}
}


@inproceedings{daily19953d,
  title={3D painting: Paradigms for painting in a new dimension},
  author={Daily, Julie and Kiss, Kenneth},
  booktitle={Conference companion on Human factors in computing systems},
  pages={296--297},
  year={1995},
  organization={ACM}
}

@article{schmid2011overcoat,
  title={OverCoat: an implicit canvas for 3D painting},
  author={Schmid, Johannes and Senn, Martin Sebastian and Gross, Markus and Sumner, Robert W},
  journal={ACM Transactions on Graphics (TOG)},
  volume={30},
  number={4},
  pages={28},
  year={2011},
  publisher={ACM}
}

@inproceedings{haeberli1990paint,
  title={Paint by numbers: Abstract image representations},
  author={Haeberli, Paul},
  booktitle={ACM SIGGRAPH computer graphics},
  volume={24},
  number={4},
  pages={207--214},
  year={1990},
  organization={ACM}
}

@inproceedings{hertzmann2003survey,
  title={A survey of stroke-based rendering},
  author={Hertzmann, Aaron},
  year={2003},
  organization={Institute of Electrical and Electronics Engineers}
}

@inproceedings{lu2010interactive,
  title={Interactive painterly stylization of images, videos and 3D animations},
  author={Lu, Jingwan and Sander, Pedro V and Finkelstein, Adam},
  booktitle={Proceedings of the 2010 ACM SIGGRAPH symposium on Interactive 3D Graphics and Games},
  pages={127--134},
  year={2010},
  organization={ACM}
}

@inproceedings{wang2010image,
  title={Image-based bas-relief generation with gradient operation},
  author={Wang, Meili and Chang, Jian and Pan, Junjun and Zhang, J},
  booktitle={Proceedings of the 11th IASTED International Conference Computer Graphics and Imaging, Innsbruck},
  volume={679},
  pages={33},
  year={2010}
}

@article{li2012restoration,
  title={Restoration of brick and stone relief from single rubbing images},
  author={Li, Zhuwen and Wang, Song and Yu, Jinhui and Ma, Kwan-Liu},
  journal={IEEE Transactions on Visualization and Computer Graphics},
  volume={18},
  number={2},
  pages={177--187},
  year={2012},
  publisher={IEEE}
}

@inproceedings{varley2002estimating,
  title={Estimating depth from line drawing},
  author={Varley, Peter AC and Martin, Ralph R},
  booktitle={Proceedings of the seventh ACM symposium on Solid modeling and applications},
  pages={180--191},
  year={2002},
  organization={ACM}
}

@article{malik1987interpreting,
  title={Interpreting line drawings of curved objects},
  author={Malik, Jitendra},
  journal={International Journal of Computer Vision},
  volume={1},
  number={1},
  pages={73--103},
  year={1987},
  publisher={Springer}
}

@article{li2012rhythmic,
  title={Rhythmic brushstrokes distinguish van Gogh from his contemporaries: findings via automated brushstroke extraction},
  author={Li, Jia and Yao, Lei and Hendriks, Ella and Wang, James Z},
  journal={IEEE transactions on pattern analysis and machine intelligence},
  volume={34},
  number={6},
  pages={1159--1176},
  year={2012},
  publisher={IEEE}
}

@inproceedings{neumann2011text,
  title={Text localization in real-world images using efficiently pruned exhaustive search},
  author={Neumann, Lukas and Matas, Jiri},
  booktitle={Document Analysis and Recognition (ICDAR), 2011 International Conference on},
  pages={687--691},
  year={2011},
  organization={IEEE}
}

@inproceedings{gomez2013multi,
  title={Multi-script text extraction from natural scenes},
  author={Gomez, Lluis and Karatzas, Dimosthenis},
  booktitle={Document Analysis and Recognition (ICDAR), 2013 12th International Conference on},
  pages={467--471},
  year={2013},
  organization={IEEE}
}


@phdthesis{benzaid2017analysis,
  title={Analysis of Bas-Relief Generation Techniques},
  author={Benzaid, Zachary},
  year={2017},
  school={The University of Wisconsin-Milwaukee}
}

@inproceedings{kerber2012computer,
	title={Computer assisted relief generation—A survey},
	author={Kerber, Jens and Wang, Meili and Chang, Jian and Zhang, Jian J and Belyaev, Alexander and Seidel, H-P},
	booktitle={Computer Graphics Forum},
	volume={31},
	number={8},
	pages={2363--2377},
	year={2012},
	organization={Wiley Online Library}
}

@article{cignoni1997computer,
  title={Computer-assisted generation of bas-and high-reliefs},
  author={Cignoni, Paolo and Montani, Claudio and Scopigno, Roberto},
  journal={Journal of graphics tools},
  volume={2},
  number={3},
  pages={15--28},
  year={1997},
  publisher={Taylor \& Francis}
}

@inproceedings{song2007automatic,
	title={Automatic generation of bas-reliefs from 3d shapes},
	author={Song, Wenhao and Belyaev, Alexander and Seidel, Hans-Peter},
	booktitle={Shape Modeling and Applications, 2007. SMI'07. IEEE International Conference on},
	pages={211--214},
	year={2007},
	organization={IEEE}
}
@article{sun2009bas,
	title={Bas-relief generation using adaptive histogram equalization},
	author={Sun, Xianfang and Rosin, Paul L and Martin, Ralph R and Langbein, Frank C},
	journal={IEEE transactions on visualization and computer graphics},
	volume={15},
	number={4},
	pages={642--653},
	year={2009},
	publisher={IEEE}
}

@phdthesis{benzaid2017analysis,
	title={Analysis of Bas-Relief Generation Techniques},
	author={Benzaid, Zachary},
	year={2017},
	school={The University of Wisconsin-Milwaukee}
}

@misc{smith1997art,
	title={Art School},
	author={Smith, Ray and Lloyd, EJ},
	year={1997},
	publisher={Dorling Kindersley Ltd, Inc}
}
@book{girshick2004simulating,
	title={Simulating Chinese brush painting: the parametric hairy brush},
	author={Girshick, Ross B},
	year={2004},
	publisher={ACM}
}
@article{chu2004real,
	title={Real-time painting with an expressive virtual Chinese brush},
	author={Chu, Nelson SH and Tai, Chiew-Lan},
	journal={IEEE Computer Graphics and applications},
	volume={24},
	number={5},
	pages={76--85},
	year={2004},
	publisher={IEEE}
}
@article{da1981chinese,
	title={Chinese brushwork: its history, aesthetics and techniques},
	author={Da-Wei, Kwo},
	year={1981},
	publisher={Abner Schram}
}

@article{ellingsgard1978rosemaling,
	title={Rosemaling I Hallingdal},
	author={Ellingsgard, Nils and Plahter, Unn and Skaug, Erling},
	year={1978},
	publisher={Dreyers forlag}
}
@inproceedings{wu2008interactive,
	title={Interactive normal reconstruction from a single image},
	author={Wu, Tai-Pang and Sun, Jian and Tang, Chi-Keung and Shum, Heung-Yeung},
	booktitle={ACM Transactions on Graphics (TOG)},
	volume={27},
	number={5},
	pages={119},
	year={2008},
	organization={ACM}
}
@book{sethian1999level,
	title={Level set methods and fast marching methods: evolving interfaces in computational geometry, fluid mechanics, computer vision, and materials science},
	author={Sethian, James Albert},
	volume={3},
	year={1999},
	publisher={Cambridge university press}
}